@article{nowayback,
  title={No way back? The dynamics of early school leaving},
  author={Byrne, Delma and Smyth, Emer},
  year={2010},
  publisher={Liffey Press}
}

@article{causesruralarea,
  title={The causes of school drop-out among scholars in rural areas},
  author={Bosoanca, Bianca},
  journal={Review of Socio-Economic Perspectives},
  volume={6},
  number={202182},
  pages={59--65},
  year={2021},
  publisher={Reviewsep}
}

@article{bitsakos2021causes,
  title={CAUSES OF EARLY SCHOOL LEAVING AND PREVENTION MEASURES: SCHOOL DIRECTORS’INSIGHTS},
  author={Bitsakos, Nikolaos},
  journal={European Journal of Education Studies},
  volume={8},
  number={5},
  year={2021}
}

@online{nutsexpl,
    author  = "Frédéric Gouardères",
    year      = {2024},
    title     = "Nomenclatura comune delle unità territoriali statistiche (NUTS)",
    url       = "https://www.europarl.europa.eu/factsheets/it/sheet/99/nomenclatura-comune-delle-unita-territoriali-statistiche-nuts-"
}

@online{esl,
    author  = "Eurostat",
    year      = {2024},
    title     = "Early leavers from education and training by sex and NUTS 2 regions",
    DOI = "10.2908/EDAT_LFSE_16"
}

@online{eslexpl,
    author  = "Eurostat",
    year      = {2024},
    title     = "Early leavers from education and training",
    url       = "https://ec.europa.eu/eurostat/statistics-explained/index.php?title=Early_leavers_from_education_and_training"
}

@online{dispinc,
    author  = "Eurostat",
    year      = {2024},
    title     = "Disposable income of private households by NUTS 2 regions",
    DOI = "10.2908/TGS00026"
}

@article{minguez2013early,
  title={The Early School Leaving in Europe: Approaching the Explanatory Factors.},
  author={M{\'\i}nguez, Almudena Moreno},
  journal={New Horizons in Education},
  volume={61},
  number={2},
  year={2013}
}

@online{pop,
    author  = "Eurostat",
    year      = {2024},
    title     = "Population on 1 January by age, sex and NUTS 2 region",
    DOI = "10.2908/DEMO_R_D2JAN"
}

@online{density,
    author  = "Eurostat",
    year      = {2024},
    title     = "Population density by NUTS 2 region",
    DOI = "10.2908/TGS00024"
}

@online{unemployment,
    author  = "Eurostat",
    year      = {2024},
    title     = "Unemployment rate by NUTS 2 regions",
    DOI = "10.2908/TGS00010"
}

@online{HRST,
    author  = "Eurostat",
    year      = {2024},
    title     = "Human resources in science and technology (HRST) by NUTS 2 regions",
    DOI = "10.2908/tgs00038"
}

@online{popbyed,
    author  = "Eurostat",
    year      = {2024},
    title     = "Population by educational attainment level, sex and NUTS 2 regions (%)",
    DOI = "10.2908/edat_lfse_04"
}

@article{de2012comparing,
  title={Comparing students by a matching analysis--on early school leaving in Dutch cities},
  author={De Witte, Kristof and Van Klaveren, Chris},
  journal={Applied Economics},
  volume={44},
  number={28},
  pages={3679--3690},
  year={2012},
  publisher={Taylor \& Francis}
}

@online{nights,
    author  = "Eurostat",
    year      = {2024},
    title     = "Nights spent at tourist accommodation establishments by NUTS 2 regions",
    DOI = "10.2908/TGS00111"
}

@online{unsd,
    author  = "United_Nations_Statistics_Division",
    title     = "Standard country or area codes for statistical use (M49)",
    url = "https://unstats.un.org/unsd/methodology/m49/"
}
